@article{CMS,
  author={The CMS Collaboration},
  title={The CMS experiment at the CERN LHC},
  journal={Journal of Instrumentation},
  volume={3},
  number={08},
  pages={S08004},
  url={http://stacks.iop.org/1748-0221/3/i=08/a=S08004},
  year={2008},
  abstract={The Compact Muon Solenoid (CMS) detector is described. The detector operates at the Large Hadron Collider (LHC) at CERN. It was conceived to study proton-proton (and lead-lead) collisions at a centre-of-mass energy of 14 TeV (5.5 TeV nucleon-nucleon) and at luminosities up to 10 34 cm −2 s −1 (10 27 cm −2 s −1 ). At the core of the CMS detector sits a high-magnetic-field and large-bore superconducting solenoid surrounding an all-silicon pixel and strip tracker, a lead-tungstate scintillating-crystals electromagnetic calorimeter, and a brass-scintillator sampling hadron calorimeter. The iron yoke of the flux-return is instrumented with four stations of muon detectors covering most of the 4π solid angle. Forward sampling calorimeters extend the pseudorapidity coverage to high values (|η| ≤ 5) assuring very good hermeticity. The overall dimensions of the CMS detector are a length of 21.6 m, a diameter of 14.6 m and a total weight of 12500 t.}
}
@techreport{jetmet,
      title         = "{Pileup Jet Identification}",
      institution   = "CERN",
      collaboration = "CMS Collaboration",
      address       = "Geneva",
      number        = "CMS-PAS-JME-13-005",
      year          = "2013",
}
@article{HighLumi,
  author={Mike Lamont},
  title={Status of the LHC},
  journal={Journal of Physics: Conference Series},
  volume={455},
  number={1},
  pages={012001},
  url={http://stacks.iop.org/1742-6596/455/i=1/a=012001},
  year={2013},
  abstract={A brief overview of LHC operations over the last 3 years is provided. Luminosity performance has been satisfactory and the factors that have been exploited are outlined. Availability and operational efficiency are discussed. Finally a brief overview of the planned long shutdown is given and estimates of the potential post shutdown performance briefly enumerated.}
}
@article{UCT,
  author={P Klabbers and T Gorski and M Bachtis and K Compton and S Dasu and A Farmahini-Farahani and R Fobes and A Gregerson and M Grothe and I
Ross and D Seemuth and M Schulte and W H Smith},
  title={CMS Calorimeter Trigger Phase I upgrade},
  journal={Journal of Instrumentation},
  volume={7},
  number={01},
  pages={C01046},
  url={http://stacks.iop.org/1748-0221/7/i=01/a=C01046},
  year={2012},
  abstract={We present a design for the Phase-1 upgrade of the Compact Muon Solenoid (CMS) calorimeter trigger system composed of FPGAs and Multi-GBit/sec links that adhere to the ?TCA crate Telecom standard. The upgrade calorimeter trigger will implement algorithms that create collections of isolated and non-isolated electromagnetic objects, isolated and non-isolated tau objects and jet objects. The algorithms are organized in several steps with progressive data reduction. These include a particle cluster finder that reconstructs overlapping clusters of 2x2 calorimeter towers and applies electron identification, a cluster overlap filter, particle isolation determination, jet reconstruction, particle separation and sorting.}
}
@article{nsub,
    archivePrefix = {arXiv},
    author = {Thaler, Jesse and Van Tilburg, Ken},
    citeulike-article-id = {8351572},
    citeulike-linkout-0 = {http://arxiv.org/abs/1011.2268},
    citeulike-linkout-1 = {http://arxiv.org/pdf/1011.2268},
    citeulike-linkout-2 = {http://dx.doi.org/10.1007/jhep03(2011)015},
    day = {25},
    doi = {10.1007/jhep03(2011)015},
    eprint = {1011.2268},
    issn = {1029-8479},
    journal = {Journal of High Energy Physics},
    keywords = {9month},
    month = jan,
    number = {3},
    posted-at = {2014-06-07 15:08:02},
    priority = {2},
    title = {{Identifying Boosted Objects with N-subjettiness}},
    url = {http://dx.doi.org/10.1007/jhep03(2011)015},
    volume = {2011},
    year = {2011}
}

@article{CMSAT8,
    archivePrefix = {arXiv},
    author = {Collaboration, CMS},
    citeulike-article-id = {13046072},
    citeulike-linkout-0 = {http://arxiv.org/abs/1303.2985},
    citeulike-linkout-1 = {http://arxiv.org/pdf/1303.2985},
    citeulike-linkout-2 = {http://dx.doi.org/10.1140/epjc/s10052-013-2568-6},
    day = {29},
    doi = {10.1140/epjc/s10052-013-2568-6},
    eprint = {1303.2985},
    issn = {1434-6044},
    journal = {The European Physical Journal C},
    keywords = {report, spring},
    month = oct,
    number = {9},
    posted-at = {2014-02-13 10:49:23},
    priority = {2},
    title = {{Search for supersymmetry in hadronic final states with missing transverse energy using the variables AlphaT and b-quark multiplicity in pp collisions at 8 TeV}},
    url = {http://dx.doi.org/10.1140/epjc/s10052-013-2568-6},
    volume = {73},
    year = {2013}
}
@misc{ProjectedCx,
    archivePrefix = {arXiv},
    author = {Collaboration, C. M. S.},
    citeulike-article-id = {13046952},
    citeulike-linkout-0 = {http://arxiv.org/abs/1307.7135v2.pdf},
    citeulike-linkout-1 = {http://arxiv.org/pdf/1307.7135v2.pdf},
    day = {27},
    eprint = {1307.7135v2.pdf},
    keywords = {spring},
    month = sep,
    posted-at = {2014-02-13 12:43:29},
    priority = {2},
    title = {{Projected Performance of an Upgraded CMS Detector at the LHC and HL-LHC: Contribution to the Snowmass Process}},
    url = {http://arxiv.org/abs/1307.7135v2.pdf},
    year = {2013}
}
@article{gm2,
    archivePrefix = {arXiv},
    author = {Muon and Collaboration and Bennett, G. W.},
    citeulike-article-id = {4220637},
    citeulike-linkout-0 = {http://scitation.aip.org/getabs/servlet/GetabsServlet?prog=normal\&id=PRVDAQ000073000007072003000001\&idtype=cvips\&gifs=yes},
    citeulike-linkout-1 = {http://link.aps.org/abstract/PRD/v73/e072003},
    citeulike-linkout-2 = {http://arxiv.org/abs/hep-ex/0602035},
    citeulike-linkout-3 = {http://arxiv.org/pdf/hep-ex/0602035},
    citeulike-linkout-4 = {http://dx.doi.org/10.1103/physrevd.73.072003},
    day = {20},
    doi = {10.1103/physrevd.73.072003},
    eprint = {hep-ex/0602035},
    issn = {1550-7998},
    journal = {Physical Review D},
    keywords = {spring},
    month = feb,
    number = {7},
    pages = {072003+},
    posted-at = {2014-02-14 11:04:56},
    priority = {2},
    publisher = {APS},
    title = {{Final Report of the Muon E821 Anomalous Magnetic Moment Measurement at BNL}},
    url = {http://dx.doi.org/10.1103/physrevd.73.072003},
    volume = {73},
    year = {2006}
}
@article{run1,
      author        = "Alemany-Fernandez, R and Bravin, E and Drosdal, L and
                       Gorzawski, A and Kain, V and Lamont, M and Macpherson, A
                       and Papotti, G and Pojer, M and Ponce, L and Redaelli, S
                       and Roy, G and Solfaroli Camillocci, M and Venturini, W and
                       Wenninger, J",
      title         = "{Operation and Configuration of the LHC in Run 1}",
      month         = "Nov",
      year          = "2013",
}
@article{cmshiggs,
    archivePrefix = {arXiv},
    author = {Collaboration, C. M. S.},
    citeulike-article-id = {11096970},
    citeulike-linkout-0 = {http://arxiv.org/abs/1207.7235},
    citeulike-linkout-1 = {http://arxiv.org/pdf/1207.7235},
    citeulike-linkout-2 = {http://dx.doi.org/10.1016/j.physletb.2012.08.021},
    day = {28},
    doi = {10.1016/j.physletb.2012.08.021},
    eprint = {1207.7235},
    issn = {03702693},
    journal = {Physics Letters B},
    month = jan,
    number = {1},
    pages = {30--61},
    posted-at = {2014-02-21 10:26:18},
    priority = {2},
    title = {{Observation of a new boson at a mass of 125 GeV with the CMS experiment at the LHC}},
    url = {http://dx.doi.org/10.1016/j.physletb.2012.08.021},
    volume = {716},
    year = {2013}
}
@article{atlashiggs,
    archivePrefix = {arXiv},
    author = {Collaboration, Atlas},
    citeulike-article-id = {11221459},
    citeulike-linkout-0 = {http://arxiv.org/abs/1207.7214},
    citeulike-linkout-1 = {http://arxiv.org/pdf/1207.7214},
    citeulike-linkout-2 = {http://dx.doi.org/10.1016/j.physletb.2012.08.020},
    day = {31},
    doi = {10.1016/j.physletb.2012.08.020},
    eprint = {1207.7214},
    issn = {03702693},
    journal = {Physics Letters B},
    month = aug,
    number = {1},
    pages = {1--29},
    posted-at = {2014-02-21 10:27:30},
    priority = {2},
    title = {{Observation of a new particle in the search for the Standard Model Higgs boson with the ATLAS detector at the LHC}},
    url = {http://dx.doi.org/10.1016/j.physletb.2012.08.020},
    volume = {716},
    year = {2012}
}
@misc{susyr1,
    archivePrefix = {arXiv},
    author = {Buchmueller, O. and Cavanaugh, R. and De Roeck, A. and Dolan, M. J. and Ellis, J. R. and Flacher, H. and Heinemeyer, S. and Isidori, G. and Marrouche, J. and Santos, D. Martinez and Olive, K. A. and Rogerson, S. and Ronga, F. J. and de Vries, K. J. and Weiglein, G.},
    citeulike-article-id = {13056530},
    citeulike-linkout-0 = {http://arxiv.org/abs/1312.5250},
    citeulike-linkout-1 = {http://arxiv.org/pdf/1312.5250},
    day = {18},
    eprint = {1312.5250},
    month = dec,
    posted-at = {2014-02-21 10:29:34},
    priority = {2},
    title = {{The CMSSM and NUHM1 after LHC Run 1}},
    url = {http://arxiv.org/abs/1312.5250},
    year = {2013}
}
@article{search,
year={2012},
issn={1434-6044},
journal={The European Physical Journal C},
volume={72},
number={1},
doi={10.1140/epjc/s10052-011-1847-3},
title={Implications of LHC searches on SUSY particle spectra},
url={http://dx.doi.org/10.1140/epjc/s10052-011-1847-3},
publisher={Springer-Verlag},
author={Arbey, A. and Battaglia, M. and Mahmoudi, F.},
pages={1-14},
language={English}
}
@article{ls1,
  title = {SUMMARY OF SESSIONS 5 AND 6: LONG SHUTDOWN 1 (LS1) 2013-2014},
  booktitle = {Proc.\ 23rd International Symposium on Distributed Computing
      (DISC, Elche, Spain, September 2009)},
  series = {Proceedings of Chamonix 2012 workshop on LHC Performance},
  author={F. Bordry and K. Foraz},
  year = {2012}
}
@book{CMSTDR,
      author        = "CMS Collaboration",
      title         = "{CMS Physics: Technical Design Report Volume 1: Detector
                       Performance and Software}",
      publisher     = "CERN",
      collaboration = "CMS Collaboration",
      address       = "Geneva",
      series        = "Technical Design Report CMS",
      year          = "2006",
      note          = "There is an error on cover due to a technical problem for
                       some items",
}
@article{HLT,
  title={The CMS high level trigger.},
  author={Adam, W and Bergauer, T and Deldicque, C and Er{\"o}, J and Fruehwirth, R and Jeitler, M and Kastner, K and Kostner, S and Neumeister, N and Padrta, M and others},
  journal={European Physical Journal C--Particles \& Fields},
  volume={46},
  number={3},
  year={2006}
}
@article{SACharacteristics,
    author = {Seiden, Abraham},
    citeulike-article-id = {10245045},
    citeulike-linkout-0 = {http://dx.doi.org/10.1098/rsta.2011.0461},
    citeulike-linkout-1 = {http://rsta.royalsocietypublishing.org/content/370/1961/892.abstract},
    citeulike-linkout-2 = {http://rsta.royalsocietypublishing.org/content/370/1961/892.full.pdf},
    citeulike-linkout-3 = {http://rsta.royalsocietypublishing.org/cgi/content/abstract/370/1961/892},
    citeulike-linkout-4 = {http://view.ncbi.nlm.nih.gov/pubmed/22253242},
    citeulike-linkout-5 = {http://www.hubmed.org/display.cgi?uids=22253242},
    day = {28},
    doi = {10.1098/rsta.2011.0461},
    issn = {1471-2962},
    journal = {Philosophical Transactions of the Royal Society A: Mathematical,
				Physical and Engineering Sciences},
    month = feb,
    number = {1961},
    pages = {892--906},
    pmid = {22253242},
    posted-at = {2014-06-15 14:04:24},
    priority = {2},
    publisher = {The Royal Society},
    title = {{Characteristics of the ATLAS and CMS detectors}},
    url = {http://dx.doi.org/10.1098/rsta.2011.0461},
    volume = {370},
    year = {2012}
}
@article{physreq,
    author = {Virdee, T. S.},
    citeulike-article-id = {10245046},
    citeulike-linkout-0 = {http://dx.doi.org/10.1098/rsta.2011.0459},
    citeulike-linkout-1 = {http://rsta.royalsocietypublishing.org/cgi/content/abstract/370/1961/876},
    citeulike-linkout-2 = {http://view.ncbi.nlm.nih.gov/pubmed/22253241},
    citeulike-linkout-3 = {http://www.hubmed.org/display.cgi?uids=22253241},
    day = {28},
    doi = {10.1098/rsta.2011.0459},
    issn = {1364-503X},
    journal = {Philosophical transactions. Series A, Mathematical, physical, and engineering sciences},
    month = feb,
    number = {1961},
    pages = {876--891},
    pmid = {22253241},
    posted-at = {2014-02-21 13:33:57},
    priority = {2},
    title = {{Physics requirements for the design of the ATLAS and CMS experiments at the Large Hadron Collider.}},
    url = {http://dx.doi.org/10.1098/rsta.2011.0459},
    volume = {370},
    year = {2012}
}
@online{cmsslice,
  author = {Lapka, Marzena},
  title = {CMS-doc-4172-v2},
  year = 2011,
  url = {https://cms-docdb.cern.ch/cgi-bin/PublicDocDB/ShowDocument?docid=4172},
  urldate = {22/02/14}
}
@misc{tracker,
    archivePrefix = {arXiv},
    author = {Klein, Katja},
    citeulike-article-id = {13056824},
    citeulike-linkout-0 = {http://arxiv.org/abs/physics/0610259},
    citeulike-linkout-1 = {http://arxiv.org/pdf/physics/0610259},
    day = {28},
    eprint = {physics/0610259},
    month = oct,
    posted-at = {2014-02-21 13:55:30},
    priority = {2},
    title = {{The CMS Silicon Strip Tracker - Overview and Status}},
    url = {http://arxiv.org/abs/physics/0610259},
    year = {2006}
}
@article{ecal,
  title={CERN/LHCC 97-33},
  author={CMS Collaboration},
  journal={CMS TDR},
  volume={4},
  pages={15},
  year={1997}
}
@article{hcal,
title = "\{CMS\} Central Hadron Calorimeter ",
journal = "Nuclear Physics B - Proceedings Supplements ",
volume = "54",
number = "3",
pages = "191 - 197",
year = "1997",
note = "",
issn = "0920-5632",
doi = "http://dx.doi.org/10.1016/S0920-5632(97)00104-7",
url = "http://www.sciencedirect.com/science/article/pii/S0920563297001047",
author = "Howard S. Budd"
}
@article{cmsiop,
  title={The CMS experiment at the CERN LHC},
  author={Chatrchyan, S and Hmayakyan, G and Khachatryan, V and Sirunyan, AM and Adam, W and Bauer, T and Bergauer, T and Bergauer, H and Dragicevic, M and Er{\"o}, J and others},
  journal={Journal of Instrumentation},
  volume={3},
  number={08},
  pages={S08004},
  year={2008},
  publisher={IOP Publishing}
}
@inproceedings{hfhcal,
  title={The CMS-HF quartz fiber calorimeters},
  author={Penzo, A and Onel, Y and CMS collaboration and others},
  booktitle={Journal of Physics: Conference Series},
  volume={160},
  number={1},
  pages={012014},
  year={2009},
  organization={IOP Publishing}
}
@article{muons,
      key            = "459319",
      title          = "{CMS, the Compact Muon Solenoid. Muon technical design
                        report}",
      collaboration  = "CMS Collaboration",
      year           = "1997",
      reportNumber   = "CERN-LHCC-97-32",
      SLACcitation   = "%%CITATION = CERN-LHCC-97-32 ETC.;%%",
}
@misc{susyintro,
    archivePrefix = {arXiv},
    author = {Krippendorf, Sven and Quevedo, Fernando and Schlotterer, Oliver},
    citeulike-article-id = {8217751},
    citeulike-linkout-0 = {http://arxiv.org/abs/1011.1491},
    citeulike-linkout-1 = {http://arxiv.org/pdf/1011.1491},
    day = {5},
    eprint = {1011.1491},
    month = nov,
    posted-at = {2014-02-21 15:24:06},
    priority = {2},
    title = {{Cambridge Lectures on Supersymmetry and Extra Dimensions}},
    url = {http://arxiv.org/abs/1011.1491},
    year = {2010}
}
@misc{susyhiggs,
    archivePrefix = {arXiv},
    author = {Hall, Lawrence J. and Pinner, David and Ruderman, Joshua T.},
    citeulike-article-id = {13056880},
    citeulike-linkout-0 = {http://arxiv.org/abs/1112.2703},
    citeulike-linkout-1 = {http://arxiv.org/pdf/1112.2703},
    day = {14},
    eprint = {1112.2703},
    month = feb,
    posted-at = {2014-02-21 15:41:55},
    priority = {2},
    title = {{A Natural SUSY Higgs Near 125 GeV}},
    url = {http://arxiv.org/abs/1112.2703},
    year = {2012}
}
@inproceedings{dm,
  title={The Structure of cold dark matter halos},
  author={Navarro, J and White, Simon DM},
  booktitle={SYMPOSIUM-INTERNATIONAL ASTRONOMICAL UNION},
  volume={171},
  pages={255--258},
  year={1996},
  organization={KLUWER ACADEMIC PUBLISHERS GROUP}
}
@misc{susywimp,
    archivePrefix = {arXiv},
    author = {Arbey, Alexandre and Battaglia, Marco and Mahmoudi, Farvah},
    citeulike-article-id = {13056882},
    citeulike-linkout-0 = {http://arxiv.org/abs/1311.7641},
    citeulike-linkout-1 = {http://arxiv.org/pdf/1311.7641},
    day = {29},
    eprint = {1311.7641},
    month = nov,
    posted-at = {2014-02-21 15:44:15},
    priority = {2},
    title = {{Complementarity of WIMP Sensitivity with direct SUSY, Monojet and Dark Matter Searches in the MSSM}},
    url = {http://arxiv.org/abs/1311.7641},
    year = {2013}
}
@article{randall,
  title={Dijet Searches for Supersymmetry at the LHC},
  author={Randall, Lisa and Tucker-Smith, David},
  journal={arXiv preprint arXiv:0806.1049},
  year={2008}
}
@techreport{rose,
  title={Development and Testing of an Upgrade to the CMS Level-1 Calorimeter Trigger},
  author={Rose, Andrew},
  year={2013}
}
@article{jetarea,
title = "Pileup subtraction using jet areas ",
journal = "Physics Letters B ",
volume = "659",
number = "1–2",
pages = "119 - 126",
year = "2008",
note = "",
issn = "0370-2693",
doi = "http://dx.doi.org/10.1016/j.physletb.2007.09.077",
url = "http://www.sciencedirect.com/science/article/pii/S0370269307011094",
author = "Matteo Cacciari and Gavin P. Salam"
}


@article{Antik_t,
    archivePrefix = {arXiv},
    author = {Cacciari, Matteo and Salam, Gavin P. and Soyez, Gregory},
    citeulike-article-id = {2680274},
    citeulike-linkout-0 = {http://arxiv.org/abs/0802.1189},
    citeulike-linkout-1 = {http://arxiv.org/pdf/0802.1189},
    citeulike-linkout-2 = {http://dx.doi.org/10.1088/1126-6708/2008/04/063},
    citeulike-linkout-3 = {http://iopscience.iop.org/1126-6708/2008/04/063},
    day = {21},
    doi = {10.1088/1126-6708/2008/04/063},
    eprint = {0802.1189},
    issn = {1029-8479},
    journal = {Journal of High Energy Physics},
    month = apr,
    number = {04},
    pages = {063},
    posted-at = {2014-06-15 19:32:32},
    priority = {2},
    publisher = {Institute of Physics Publishing},
    title = {{The anti-k\_t jet clustering algorithm}},
    url = {http://dx.doi.org/10.1088/1126-6708/2008/04/063},
    volume = {2008},
    year = {2008}
}
@MISC{JBrooke,
  author = {Brooke, J.},
  title = {CMS Trigger : Design and Limitations},
  year = {2013},
  note = {CMS Exotica Workshop}
}
@MISC{PUform,
  author = {Prebys, E.},
  title = {Bunch Spacing and Pileup in High Energy Hadron Colliders},
  year = {2013},
  note = {Snowmass 2013}
}
@MISC{gctalgo,
  author = {Iles, G.},
  title = {Revised CMS global calorimeter trigger functionality and algorithms},
  year = {2006},
  note = {12th Workshop on Electronics for LHC and Future Experiments}
}
@article{gct,
  title={Performance of the CMS global calorimeter trigger},
  author={Brooke, J and Foudas, C and Frazier, R and Hansen, M and Hansen, M and Heath, G and Iles, G and Jones, J and Marrouche, J and Rose, A and others},
  journal={Nuclear Instruments and Methods in Physics Research Section A: Accelerators, Spectrometers, Detectors and Associated Equipment},
  volume={623},
  number={1},
  pages={546--548},
  year={2010},
  publisher={Elsevier}
}
@misc{mcode,
    archivePrefix = {arXiv},
    author = {Buchmueller, O. and Cavanaugh, R. and De Roeck, A. and Dolan, M. J. and Ellis, J. R. and Flacher, H. and Heinemeyer, S. and Isidori, G. and Marrouche, J. and Santos, D. Martinez and Olive, K. A. and Rogerson, S. and Ronga, F. J. and de Vries, K. J. and Weiglein, G.},
    citeulike-article-id = {13056530},
    citeulike-linkout-0 = {http://arxiv.org/abs/1312.5250},
    citeulike-linkout-1 = {http://arxiv.org/pdf/1312.5250},
    day = {18},
    eprint = {1312.5250},
    month = dec,
    posted-at = {2014-02-21 10:29:34},
    priority = {2},
    title = {{The CMSSM and NUHM1 after LHC Run 1}},
    url = {http://arxiv.org/abs/1312.5250},
    year = {2013}
}
@article{joliver,
  title={Universal mass limits on gluino and third-generation squarks in the context of Natural-like SUSY spectra},
  author={Buchmueller, O and Marrouche, J},
  journal={arXiv preprint arXiv:1304.2185},
  year={2013}
}
@article{l1jet_calibration,
author = {J. Brooke, B. Mathias, A. Tapper, N. Wardle},
title = {Calibration and Performance of the Jets and Energy Sums in the Level-1 Trigger},
journaltitle = {CMS Internal Note},
date = {12/9/2013},
number = {CMS IN -2013/006},
}




